% This file was created with JabRef 2.10b2.
% Encoding: UTF-8

@misc{ElizabethSchreierGoogleMaps,
  Title                   = {Allstate: Helping agents build better relationships with customers},
  Author                  = {Elizabeth Schreier},
  Year                    = {2019},
  Url                     = {https://cloud.google.com/maps-platform/},
  Urlaccessdate           = {01 de maio de 2019}
}

@misc{MotoboyVeja,
  Title                   = {Motoboy, uma palavra brasileira},
  Author                  = {S{\'e}rgio Rodrigues},
  Year                    = {2017},
  Url                     =  {https://veja.abril.com.br/blog/sobre-palavras/motoboy-uma-palavra-brasileira/},
  Urlaccessdate           = {01 de maio de 2019}
}

@misc{geospatial:2009,
  Title                   = {Mashup Mania with Google Maps},
  Author                  = {Geospatial},
  Year                    = {2009},
  Url                     = {https://geochalkboard.files.wordpress.com/2009/01/google-maps-pdf-article-v51.pdf},
  Urlaccessdate           = {09 de maio de 2019}
}
@misc{google:2019,
  Title                   = {Google Maps Platform},
  Author                  = {Google},
  Year                    = {2019},
  Url                     = {https://cloud.google.com/maps-platform/},
  Urlaccessdate           = {09 de junho de 2019}
}

@misc{googleMaps:2019,
  Title                   = {Google Maps},
  Author                  = {Google},
  Year                    = {2019},
  Url                     = {https://www.google.com.br/maps},
  Urlaccessdate           = {06 de agosto de 2019}
}

@misc{oficinanetagps:2018,
  Title                   = {O que é A-GPS?},
  Author                  = {Reda{\c{c}}{\~a}o Oficina},
  Year                    = {2018},
  Url                     = {https://www.oficinadanet.com.br/artigo/1185/o_que_e_a-gps},
  Urlaccessdate           = {09 de junho de 2019}
}

@misc{geolocalizacao:2011,
  Title                   = {Encontrar a sua posi{\c{c}}{\~a}o com Geolocaliza{\c{c}}{\~a}o},
  Author                  = {Gregory Laborde},
  Year                    = {2011},
  Url                     = {https://www.oficinadanet.com.br/artigo/desenvolvimento/encontrar-a-sua-posicao-com-geolocalizacao},
  Urlaccessdate           = {09 de junho de 2019}
}

@article{multicaminho:2004,
  title={Análise dos fatores que influenciam o Multicaminho},
  author={Wesley Gildo Canducci Polezel, Eniuce Menezes de Souza, Jo{\~a}o Francisco Galera Monico},
  year={2004},
  publisher={COBRAC}
}

%-------------------------------
@misc{,
  Title                   = {},
  Author                  = {},
  Year                    = {},
  Url                     = {},
  Urlaccessdate           = {01 de junho de 2019}
}